%% This BibTeX bibliography file was created using BibDesk.
%% http://bibdesk.sourceforge.net/

%% Created for Ciellie Jansen van Vuuren at 2017-12-09 14:48:39 +0200 


%% Saved with string encoding Unicode (UTF-8) 



@electronic{surf2,
	Date-Added = {2017-12-09 12:41:01 +0000},
	Date-Modified = {2017-12-09 12:48:09 +0000},
	Keywords = {surface},
	Rating = {5},
	Title = {Ni 100 surface relaxation},
	Url = {https://cms.mpi.univie.ac.at/wiki/index.php/Ni_100_surface_relaxation},
	Urldate = {10/08/2017},
	Year = {2014}}

@electronic{surf1,
	Author = {University of Vienna, Faculty of Physics and Center for Computational Materials Science, Vienna, Austria},
	Date-Added = {2017-12-09 11:15:33 +0000},
	Date-Modified = {2017-12-09 12:48:26 +0000},
	Keywords = {Experimental,surface,vasp},
	Lastchecked = {09/12/2017},
	Rating = {5},
	Title = {VASP Tutorial: A bit of surface science},
	Url = {https://www.nersc.gov/assets/Uploads/VASP-tutorial-SurfaceScience.pdf},
	Urldate = {2016},
	Bdsk-File-1 = {YnBsaXN0MDDUAQIDBAUGJCVYJHZlcnNpb25YJG9iamVjdHNZJGFyY2hpdmVyVCR0b3ASAAGGoKgHCBMUFRYaIVUkbnVsbNMJCgsMDxJXTlMua2V5c1pOUy5vYmplY3RzViRjbGFzc6INDoACgAOiEBGABIAFgAdccmVsYXRpdmVQYXRoWWFsaWFzRGF0YV8QMC4uLy4uL0Rvd25sb2Fkcy9WQVNQLXR1dG9yaWFsLVN1cmZhY2VTY2llbmNlLnBkZtIXCxgZV05TLmRhdGFPEQGSAAAAAAGSAAIAAAxNYWNpbnRvc2ggSEQAAAAAAAAAAAAAAAAAAAAAAAAAQkQAAf////8fVkFTUC10dXRvcmlhbC1TdXJmI0ZGRkZGRkZGLnBkZgAAAAAAAAAAAAAAAAAAAAAAAAAAAAAAAAAAAAAAAAAA/////wAAAAAAAAAAAAAAAAACAAIAAAogY3UAAAAAAAAAAAAAAAAACURvd25sb2FkcwAAAgA6LzpVc2VyczpjaWVsbGllOkRvd25sb2FkczpWQVNQLXR1dG9yaWFsLVN1cmZhY2VTY2llbmNlLnBkZgAOAEIAIABWAEEAUwBQAC0AdAB1AHQAbwByAGkAYQBsAC0AUwB1AHIAZgBhAGMAZQBTAGMAaQBlAG4AYwBlAC4AcABkAGYADwAaAAwATQBhAGMAaQBuAHQAbwBzAGgAIABIAEQAEgA4VXNlcnMvY2llbGxpZS9Eb3dubG9hZHMvVkFTUC10dXRvcmlhbC1TdXJmYWNlU2NpZW5jZS5wZGYAEwABLwAAFQACAA7//wAAgAbSGxwdHlokY2xhc3NuYW1lWCRjbGFzc2VzXU5TTXV0YWJsZURhdGGjHR8gVk5TRGF0YVhOU09iamVjdNIbHCIjXE5TRGljdGlvbmFyeaIiIF8QD05TS2V5ZWRBcmNoaXZlctEmJ1Ryb290gAEACAARABoAIwAtADIANwBAAEYATQBVAGAAZwBqAGwAbgBxAHMAdQB3AIQAjgDBAMYAzgJkAmYCawJ2An8CjQKRApgCoQKmArMCtgLIAssC0AAAAAAAAAIBAAAAAAAAACgAAAAAAAAAAAAAAAAAAALS}}

@article{RN6,
	Title = {<Density Functional Theory for Beginners.pdf>},
	Type = {Journal Article}}

@article{RN7,
	Title = {<DFT_Plane wave.pdf>},
	Type = {Journal Article}}

@article{RN8,
	Title = {<Homo-Lumo.pdf>},
	Type = {Journal Article}}

@article{RN9,
	Title = {<Jensen_F.-Introduction_to_Computational_Chemistry_(2007).pdf>},
	Type = {Journal Article}}

@article{RN10,
	Title = {<Silikon-oppervlak-1997_J-Phys-Chem-B.pdf>},
	Type = {Journal Article}}

@article{RN11,
	Title = {<Modulering-Silikon-1999_J-Phys-Chem.pdf>},
	Type = {Journal Article}}

@article{RN14,
	Title = {<Modulering-van-MCM14-1994_J-Phys-Chem.pdf>},
	Type = {Journal Article}}

@article{RN15,
	Title = {<Stiffening of organosilicate glasses by organic cross-linking.pdf>},
	Type = {Journal Article}}

@article{RN16,
	Title = {<1994_J. Phys. Chem. 1994,98, 4459-4462.pdf>},
	Type = {Journal Article}}

@article{RN18,
	Title = {<Molecular Modelling. Principles and Applications (2nd Edition) by Andrew R. Leach.pdf>},
	Type = {Journal Article}}

@article{RN19,
	Title = {<DFT_Plane wave.pdf>},
	Type = {Journal Article}}

@article{RN20,
	Title = {<1999_J. Phys. Chem. B 1999, 103, 2165-2171.pdf>},
	Type = {Journal Article}}

@article{RN21,
	Title = {<2000_Topics in Catalysis 13 (2000) 213--219.pdf>},
	Type = {Journal Article}}

@article{RN22,
	Title = {<jordaan_margaritha_Thesis.pdf>},
	Type = {Journal Article}}

@article{RN23,
	Title = {<An Introduction to Density Functional Theory.pdf>},
	Type = {Journal Article}}

@article{RN24,
	Title = {<Molecular orbital theory of solids.pdf>},
	Type = {Journal Article}}

@article{RN26,
	Title = {<Surface_Reconstruction_of_Si001_0(1).pdf>},
	Type = {Journal Article}}

@article{RN28,
	Title = {<Density Functional Theory for Beginners.pdf>},
	Type = {Journal Article}}

@article{RN29,
	Title = {<1997_J. Phys. Chem. B 1997, 101, 8197-8203.pdf>},
	Type = {Journal Article}}

@article{RN30,
	Title = {<Homo-Lumo.pdf>},
	Type = {Journal Article}}

@article{RN31,
	Title = {<jordaan_margaritha_Thesis-Ciellie'siPad.pdf>},
	Type = {Journal Article}}

@article{RN35,
	Title = {<2000_J. Am. Chem. Soc. 2000, 122, 1796-1801.pdf>},
	Type = {Journal Article}}

@article{RN37,
	Title = {<modeling_lecture2010spring_TermPaper_myungsookKim.pdf>},
	Type = {Journal Article}}

@article{RN40,
	Title = {<2012_ChemAEuropJ_18_14717_CabreraJ-1.pdf>},
	Type = {Journal Article}}

@article{RN42,
	Title = {<An Introduction to Density Functional Theory.pdf>},
	Type = {Journal Article}}

@article{RN47,
	Title = {<2001_Polymer_42_6709_BalcarH.pdf>},
	Type = {Journal Article}}

@article{RN44,
	Author = {Balcar, H. and {\v C}ejka, J.},
	Doi = {10.1016/j.ccr.2013.07.026},
	Issn = {00108545},
	Journal = {Coordination Chemistry Reviews},
	Number = {21-22},
	Pages = {3107-3124},
	Title = {Mesoporous molecular sieves as advanced supports for olefin metathesis catalysts},
	Type = {Journal Article},
	Volume = {257},
	Year = {2013},
	Bdsk-Url-1 = {https://dx.doi.org/10.1016/j.ccr.2013.07.026}}

@article{RN33,
	Author = {Balcar, Hynek and {\v C}ejka, Ji{\v r}ı́ and Sedl{\'a}{\v c}ek, Jan and Svoboda, Jan and Zednı́k, Ji{\v r}ı́ and Bastl, Zden{\v e}k and Bos{\'a}{\v c}ek, Vladimı́r and Vohlı́dal, Ji{\v r}ı́},
	Doi = {10.1016/s1381-1169(03)00379-0},
	Issn = {13811169},
	Journal = {Journal of Molecular Catalysis A: Chemical},
	Number = {1-2},
	Pages = {287-298},
	Title = {[Rh(cod)Cl]2 complex immobilized on mesoporous molecular sieves MCM-41-a new hybrid catalyst for polymerization of phenylacetylene},
	Type = {Journal Article},
	Volume = {203},
	Year = {2003},
	Bdsk-Url-1 = {https://dx.doi.org/10.1016/s1381-1169(03)00379-0}}

@article{RN41,
	Author = {Balcar, Hynek and Hamtil, Roman and {\v Z}ilkov{\'a}, Nad{\v e}{\v z}da and Zhang, Zhaorong and Pinnavaia, Thomas J. and {\v C}ejka, Ji{\v r}{\'\i}},
	Doi = {10.1016/j.apcata.2006.12.020},
	Issn = {0926860X},
	Journal = {Applied Catalysis A: General},
	Pages = {56-63},
	Title = {Re(VII) oxide on mesoporous alumina of different types---Activity in the metathesis of olefins and their oxygen-containing derivatives},
	Type = {Journal Article},
	Volume = {320},
	Year = {2007},
	Bdsk-Url-1 = {https://dx.doi.org/10.1016/j.apcata.2006.12.020}}

@article{RN43,
	Author = {Bek, David and Gawin, Rafa{\l} and Grela, Karol and Balcar, Hynek},
	Doi = {10.1016/j.catcom.2012.01.020},
	Issn = {15667367},
	Journal = {Catalysis Communications},
	Pages = {42-45},
	Title = {Ruthenium metathesis catalyst bearing chelating carboxylate ligand immobilized on mesoporous molecular sieve SBA-15},
	Type = {Journal Article},
	Volume = {21},
	Year = {2012},
	Bdsk-Url-1 = {https://dx.doi.org/10.1016/j.catcom.2012.01.020}}

@article{RN34,
	Author = {Bourg, Ian C. and Steefel, Carl I.},
	Doi = {10.1021/jp301299a},
	Issn = {1932-7447 1932-7455},
	Journal = {The Journal of Physical Chemistry C},
	Number = {21},
	Pages = {11556-11564},
	Title = {Molecular Dynamics Simulations of Water Structure and Diffusion in Silica Nanopores},
	Type = {Journal Article},
	Volume = {116},
	Year = {2012},
	Bdsk-Url-1 = {https://dx.doi.org/10.1021/jp301299a}}

@article{RN39,
	Author = {Bru, M. and Dehn, R. and Teles, J. H. and Deuerlein, S. and Danz, M. and Muller, I. B. and Limbach, M.},
	Doi = {10.1002/chem.201203893},
	Issn = {1521-3765 (Electronic) 0947-6539 (Linking)},
	Journal = {Chemistry},
	Number = {35},
	Pages = {11661-71},
	Title = {Ruthenium carbenes supported on mesoporous silicas as highly active and selective hybrid catalysts for olefin metathesis reactions under continuous flow},
	Type = {Journal Article},
	Url = {https://www.ncbi.nlm.nih.gov/pubmed/23852995},
	Volume = {19},
	Year = {2013},
	Bdsk-Url-1 = {https://www.ncbi.nlm.nih.gov/pubmed/23852995},
	Bdsk-Url-2 = {https://dx.doi.org/10.1002/chem.201203893}}

@article{RN5,
	Author = {G{\"o}ltl, F. and Sautet, P.},
	Doi = {10.1016/b978-0-08-097774-4.00734-8},
	Pages = {405-420},
	Title = {Density Functional Theory as a Key Approach in Surface Chemistry and Heterogeneous Catalysis},
	Type = {Journal Article},
	Year = {2013},
	Bdsk-Url-1 = {https://dx.doi.org/10.1016/b978-0-08-097774-4.00734-8}}

@article{RN38,
	Author = {Handzlik, J. and Sautet, P.},
	Doi = {10.1016/j.jcat.2008.02.016},
	Issn = {00219517},
	Journal = {Journal of Catalysis},
	Number = {1},
	Pages = {1-14},
	Title = {Active sites of olefin metathesis on molybdena-alumina system: A periodic DFT study},
	Type = {Journal Article},
	Volume = {256},
	Year = {2008},
	Bdsk-Url-1 = {https://dx.doi.org/10.1016/j.jcat.2008.02.016}}

@article{RN3,
	Author = {Heynek Balcar, Jiri Cejka, Jan Sedlacek, Jan Svoboda, Jiri Zednik, Zdenek Bastl, Vladimir Bosacek, Jiri Vohlidal},
	Journal = {Journal of Molecular Catalysis},
	Pages = {287-298},
	Title = {[Rh(codCl]2 complex immobilized on mesoporous molecular sieves MCM-41 a new hybrid catalyst for polimerization of phenylacetylene},
	Type = {Journal Article},
	Volume = {203},
	Year = {2003}}

@article{RN12,
	Author = {Huiyong, Chen and Hongxia, Xi and Xianying, Cai and Yu, Qian},
	Doi = {10.1016/j.micromeso.2008.09.020},
	Issn = {13871811},
	Journal = {Microporous and Mesoporous Materials},
	Number = {1-3},
	Pages = {396-402},
	Title = {Experimental and molecular simulation studies of a ZSM-5-MCM-41 micro-mesoporous molecular sieve},
	Type = {Journal Article},
	Volume = {118},
	Year = {2009},
	Bdsk-Url-1 = {https://dx.doi.org/10.1016/j.micromeso.2008.09.020}}

@article{RN17,
	Author = {Joubert, J. and Delbecq, F. and Sautet, P.},
	Doi = {10.1016/j.jcat.2007.07.035},
	Issn = {00219517},
	Journal = {Journal of Catalysis},
	Number = {2},
	Pages = {507-513},
	Title = {Alkane metathesis by a tungsten carbyne complex grafted on gamma alumina: Is there a direct chemical role of the support?},
	Type = {Journal Article},
	Volume = {251},
	Year = {2007},
	Bdsk-Url-1 = {https://dx.doi.org/10.1016/j.jcat.2007.07.035}}

@article{RN46,
	Author = {Lehtonen, Ari and Balcar, Hynek and Sedl{\'a}{\v c}ek, Jan and Sillanp{\"a}{\"a}, Reijo},
	Doi = {10.1016/j.jorganchem.2008.01.007},
	Issn = {0022328X},
	Journal = {Journal of Organometallic Chemistry},
	Number = {7},
	Pages = {1171-1176},
	Title = {Synthesis and ROMP activity of aminophenol-substituted tungsten(VI) and molybdenum(VI) complexes},
	Type = {Journal Article},
	Volume = {693},
	Year = {2008},
	Bdsk-Url-1 = {https://dx.doi.org/10.1016/j.jorganchem.2008.01.007}}

@article{RN27,
	Author = {Mazar, M. N. and Al-Hashimi, Saleh and Bhan, A. and Cococcioni, M.},
	Doi = {10.1021/jp200756e},
	Issn = {1932-7447 1932-7455},
	Journal = {The Journal of Physical Chemistry C},
	Number = {20},
	Pages = {10087-10096},
	Title = {Alkane Metathesis by Tantalum Metal Hydride on Ferrierite: A Computational Study},
	Type = {Journal Article},
	Volume = {115},
	Year = {2011},
	Bdsk-Url-1 = {https://dx.doi.org/10.1021/jp200756e}}

@article{RN4,
	Author = {Olaf Deutschmann, Helmut Knozinger, Karl Kochloefl, Thomas Turek},
	Issn = {10.10002/14356007},
	Title = {Heterogeneous Catalysis and Solid Catalysts},
	Type = {Journal Article},
	Year = {2009}}

@book{RN1,
	Author = {Raymakers, M.F},
	Title = {Modelling of Grubbs type precatalysts with bidentate hemilabile ligands},
	Type = {Book},
	Year = {2012}}

@book{RN2,
	Author = {Raymakers, M.F},
	Title = {Modelling of Grubbs type precatalysts with bidentate hemilabile ligands},
	Type = {Book},
	Year = {2012}}

@article{RN25,
	Author = {Rimola, A. and Costa, D. and Sodupe, M. and Lambert, J. F. and Ugliengo, P.},
	Doi = {10.1021/cr3003054},
	Issn = {1520-6890 (Electronic) 0009-2665 (Linking)},
	Journal = {Chem Rev},
	Number = {6},
	Pages = {4216-313},
	Title = {Silica surface features and their role in the adsorption of biomolecules: computational modeling and experiments},
	Type = {Journal Article},
	Url = {https://www.ncbi.nlm.nih.gov/pubmed/23289428},
	Volume = {113},
	Year = {2013},
	Bdsk-Url-1 = {https://www.ncbi.nlm.nih.gov/pubmed/23289428},
	Bdsk-Url-2 = {https://dx.doi.org/10.1021/cr3003054}}

@article{RN45,
	Author = {Shinde, Tushar and {\v Z}ilkov{\'a}, Nad{\v e}{\v z}da and Hankov{\'a}, Vladim{\'\i}ra and Balcar, Hynek},
	Doi = {10.1016/j.cattod.2011.06.012},
	Issn = {09205861},
	Journal = {Catalysis Today},
	Number = {1},
	Pages = {123-129},
	Title = {Hoveyda--Grubbs type metathesis catalyst immobilized on mesoporous molecular sieves---The influence of pore size on the catalyst activity},
	Type = {Journal Article},
	Volume = {179},
	Year = {2012},
	Bdsk-Url-1 = {https://dx.doi.org/10.1016/j.cattod.2011.06.012}}

@article{RN32,
	Author = {Taylor, DeCarlos E. and Runge, Keith and Cory, Marshall G. and Burns, Douglas S. and Vasey, Joseph L. and Hearn, John D. and Henley, Michael V.},
	Doi = {10.1021/jp205479v},
	Issn = {1932-7447 1932-7455},
	Journal = {The Journal of Physical Chemistry C},
	Number = {50},
	Pages = {24734-24742},
	Title = {Binding of Small Molecules to a Silica Surface: Comparing Experimental and Theoretical Results},
	Type = {Journal Article},
	Volume = {115},
	Year = {2011},
	Bdsk-Url-1 = {https://dx.doi.org/10.1021/jp205479v}}

@article{RN13,
	Author = {Ugliengo, P. and Sodupe, M. and Musso, F. and Bush, I. J. and Orlando, R. and Dovesi, R.},
	Doi = {10.1002/adma.200801489},
	Issn = {09359648 15214095},
	Journal = {Advanced Materials},
	Number = {23},
	Pages = {4579-4583},
	Title = {Realistic Models of Hydroxylated Amorphous Silica Surfaces and MCM-41 Mesoporous Material Simulated by Large-scale Periodic B3LYP Calculations},
	Type = {Journal Article},
	Volume = {20},
	Year = {2008},
	Bdsk-Url-1 = {https://dx.doi.org/10.1002/adma.200801489}}

@article{RN36,
	Author = {Zhu, Jia and Jin, Hua and Zang, Lili and Li, Yi and Zhang, Yongfan and Ding, Kaining and Huang, Xin and Ning, Lixin and Chen, Wenkai},
	Doi = {10.1021/jp201094a},
	Issn = {1932-7447 1932-7455},
	Journal = {The Journal of Physical Chemistry C},
	Number = {31},
	Pages = {15335-15344},
	Title = {Deposition of Nonstoichiometric Tritungsten Oxides on the TiO2(110) Surface: A Possible Way to Stabilize the Unstable Clusters in the Gas Phase},
	Type = {Journal Article},
	Volume = {115},
	Year = {2011},
	Bdsk-Url-1 = {https://dx.doi.org/10.1021/jp201094a}}
